@article{fernholz1982,
	title={Stochastic portfolio theory and stock market equilibrium},
	author={Fernholz, Robert and Shay, Brian},
	journal={The Journal of Finance},
	volume={37},
	number={2},
	pages={615--624},
	year={1982},
	publisher={Wiley Online Library}
}
@incollection{fernholz2002,
	title={Stochastic portfolio theory},
	author={Fernholz, Robert},
	booktitle={Stochastic Portfolio Theory},
	pages={1--24},
	year={2002},
	publisher={Springer}
}
@article{karatzas2017,
	title={Trading strategies generated by Lyapunov functions},
	author={Karatzas, Ioannis and Ruf, Johannes},
	journal={Finance and Stochastics},
	volume={21},
	number={3},
	pages={753--787},
	year={2017},
	publisher={Springer}
}
@article{pal2013,
	title={Energy, entropy, and arbitrage},
	author={Pal, Soumik and Wong, Ting-Kam Leonard},
	journal={arXiv preprint arXiv:1308.5376},
	year={2013}
}
